<record><leader>00000cas a2200000 a 4500</leader><controlfield tag="001">8079946</controlfield><controlfield tag="008">820120c19819999txuwr ne      0    0eng d</controlfield><controlfield tag="009">618</controlfield><datafield ind1=" " ind2=" " tag="010"><subfield code="a">sn 87090628 </subfield></datafield><datafield ind1=" " ind2=" " tag="040"><subfield code="a">TXG</subfield><subfield code="b">eng</subfield><subfield code="c">TXG</subfield><subfield code="d">PPM</subfield><subfield code="d">OCL</subfield></datafield><datafield ind1=" " ind2=" " tag="042"><subfield code="a">msc</subfield></datafield><datafield ind1="0" ind2="4" tag="245"><subfield code="a">The Austin Press,</subfield><subfield code="b">Austin's independent newspaper.</subfield></datafield><datafield ind1=" " ind2=" " tag="260"><subfield code="a">Austin, Tex. :</subfield><subfield code="b">Hancock Press,</subfield><subfield code="c">1981-</subfield></datafield><datafield ind1=" " ind2=" " tag="300"><subfield code="a">v. :</subfield><subfield code="b">ill. ;</subfield><subfield code="c">57 cm.</subfield></datafield><datafield ind1=" " ind2=" " tag="310"><subfield code="a">Weekly</subfield></datafield><datafield ind1="0" ind2=" " tag="362"><subfield code="a">Vol. 1, no. 1 (Sept. 23, 1981)-</subfield></datafield><datafield ind1=" " ind2=" " tag="752"><subfield code="a">United States</subfield><subfield code="b">Texas</subfield><subfield code="c">Travis</subfield><subfield code="d">Austin.</subfield></datafield></record>